<?xml version="1.0" encoding="UTF-8"?><collection xmlns="http://www.loc.gov/MARC21/slim"><record><leader>00559nam--2200181-i-4500</leader><controlfield tag="001">000036588</controlfield><controlfield tag="002">20161230</controlfield><controlfield tag="005">20161230201041</controlfield><controlfield tag="008">060222s1000------------r-----000-0-eng-d</controlfield><datafield ind1=" " ind2=" " tag="040"><subfield code="a">IFIN-HH</subfield></datafield><datafield ind1=" " ind2=" " tag="080"><subfield code="a">536.7</subfield></datafield><datafield ind1="1" ind2=" " tag="100"><subfield code="a">Planck, Max</subfield></datafield><datafield ind1="1" ind2="0" tag="245"><subfield code="a">Treatise on thermodynamics</subfield><subfield code="b">Translated with the auhtor`s sanction by alexander ogg</subfield><subfield code="c">Max planck</subfield></datafield><datafield ind1=" " ind2=" " tag="250"><subfield code="a">Third Edition Translated From The Seventh German Edition</subfield></datafield><datafield ind1=" " ind2=" " tag="260"><subfield code="a">New York</subfield><subfield code="b">Dover Publications, Inc</subfield><subfield code="c">(1926)</subfield></datafield><datafield ind1=" " ind2=" " tag="300"><subfield code="a">XIV + 297P</subfield></datafield><datafield ind1=" " ind2=" " tag="852"><subfield code="a">12927</subfield><subfield code="c">536.7</subfield></datafield><datafield ind1=" " ind2=" " tag="CAT"><subfield code="a">Sys</subfield><subfield code="c">20110513</subfield><subfield code="h">124255</subfield></datafield></record></collection>